<?xml version="1.0" encoding="UTF-8"?><collection xmlns="http://www.loc.gov/MARC21/slim"><record><leader>00471nam--2200121-i-4500</leader><controlfield tag="001">000048349</controlfield><controlfield tag="002">20161230</controlfield><controlfield tag="005">20161230201046</controlfield><controlfield tag="008">060222s1000------------r-----000-0-eng-d</controlfield><datafield ind1=" " ind2=" " tag="100"><subfield code="a">Zelazny,R</subfield></datafield><datafield ind1=" " ind2=" " tag="245"><subfield code="a">Work in the field of applied reactor theory done by the reactor theory group in the reactor engineering departement of the inst.of nuclear research of the polish acad.of sc.in the period 1958-1960</subfield></datafield><datafield ind1=" " ind2=" " tag="260"><subfield code="a">Warsaw, Polish Acad.Of Sc.,1960. 18 P.+ 7 Fig</subfield></datafield><datafield ind1=" " ind2=" " tag="852"><subfield code="a">6958</subfield></datafield></record></collection>